
@article{yamanaka2015swapping,
	title={Swapping labeled tokens on graphs},
	author={Yamanaka, Katsuhisa and Demaine, Erik D and Ito, Takehiro and Kawahara, Jun and Kiyomi, Masashi and Okamoto, Yoshio and Saitoh, Toshiki and Suzuki, Akira and Uchizawa, Kei and Uno, Takeaki},
	journal={Theoretical Computer Science},
	volume={586},
	pages={81--94},
	year={2015},
	publisher={Elsevier}
}

@article{DBLP:journals/corr/abs-1903-06981,
	title     = {Token Swapping on Trees},
	author    = {Ahmad Biniaz and
	Kshitij Jain and
	Anna Lubiw and
	Zuzana Mas{\'{a}}rov{\'{a}} and
	Tillmann Miltzow and
	Debajyoti Mondal and
	Anurag Murty Naredla and
	Josef Tkadlec and
	Alexi Turcotte},
	journal   = {CoRR},
	volume    = {abs/1903.06981},
	year      = {2019},
	url       = {http://arxiv.org/abs/1903.06981},
	archivePrefix = {arXiv},
	eprint    = {1903.06981},
	timestamp = {Mon, 01 Apr 2019 14:07:37 +0200},
	biburl    = {https://dblp.org/rec/bib/journals/corr/abs-1903-06981},
	bibsource = {dblp computer science bibliography, https://dblp.org}
}

@book{cormen2009introduction,
	title={Introduction to algorithms},
	author={Cormen, Thomas H and Leiserson, Charles E and Rivest, Ronald L and Stein, Clifford},
	year={2009},
	publisher={MIT press}
}